<?xml version="1.0" encoding="UTF-8"?><record xmlns="http://www.loc.gov/MARC21/slim" xmlns:cinclude="http://apache.org/cocoon/include/1.0" xmlns:zs="http://www.loc.gov/zing/srw/">
  <leader>00387cz  a2200133n  4500</leader>
  <controlfield tag="001">n  96026412 </controlfield>
  <controlfield tag="003">DLC</controlfield>
  <controlfield tag="005">20121214074911.0</controlfield>
  <controlfield tag="008">960319n| azannaab           |n aaa      </controlfield>
  <datafield tag="010" ind1=" " ind2=" ">
    <subfield code="a">n  96026412 </subfield>
  </datafield>
  <datafield tag="040" ind1=" " ind2=" ">
    <subfield code="a">DLC</subfield>
    <subfield code="c">DLC</subfield>
    <subfield code="d">DLC</subfield>
    <subfield code="e">rda</subfield>
  </datafield>
  <datafield tag="046" ind1=" " ind2=" ">
    <subfield code="f">19440921</subfield>
  </datafield>
  <datafield tag="100" ind1="1" ind2=" ">
    <subfield code="a">Williams, Kathleen Broome,</subfield>
    <subfield code="d">1944-</subfield>
  </datafield>
  <datafield tag="670" ind1=" " ind2=" ">
    <subfield code="a">Secret weapon, c1996:</subfield>
    <subfield code="b">CIP t.p. (Kathleen Broome Williams) data sheet (b. 9/21/44)</subfield>
  </datafield>
</record>